@InProceedings{Zhao_2021_CVPR,
    author    = {Zhao, Tianyi and Cao, Kai and Yao, Jiawen and Nogues, Isabella and Lu, Le and Huang, Lingyun and Xiao, Jing and Yin, Zhaozheng and Zhang, Ling},
    title     = {3D Graph Anatomy Geometry-Integrated Network for Pancreatic Mass Segmentation, Diagnosis, and Quantitative Patient Management},
    booktitle = {Proceedings of the IEEE/CVF Conference on Computer Vision and Pattern Recognition (CVPR)},
    month     = {June},
    year      = {2021},
    pages     = {13743-13752}
}

@article{monteiro2020multiclass,
  title={Multiclass semantic segmentation and quantification of traumatic brain injury lesions on head CT using deep learning: an algorithm development and multicentre validation study},
  author={Monteiro, Miguel and Newcombe, Virginia FJ and Mathieu, Francois and Adatia, Krishma and Kamnitsas, Konstantinos and Ferrante, Enzo and Das, Tilak and Whitehouse, Daniel and Rueckert, Daniel and Menon, David K and others},
  journal={The Lancet Digital Health},
  volume={2},
  number={6},
  pages={e314--e322},
  year={2020},
  publisher={Elsevier}
}

@article{chen2018drinet,
  title={DRINet for medical image segmentation},
  author={Chen, Liang and Bentley, Paul and Mori, Kensaku and Misawa, Kazunari and Fujiwara, Michitaka and Rueckert, Daniel},
  journal={IEEE transactions on medical imaging},
  volume={37},
  number={11},
  pages={2453--2462},
  year={2018},
  publisher={IEEE}
}

@article{patil2013medical,
  title={Medical image segmentation: a review},
  author={Patil, Dinesh D and Deore, Sonal G},
  journal={International Journal of Computer Science and Mobile Computing},
  volume={2},
  number={1},
  pages={22--27},
  year={2013}
}

@article{ji2022amos,
  title={AMOS: A Large-Scale Abdominal Multi-Organ Benchmark for Versatile Medical Image Segmentation},
  author={Ji, Yuanfeng and Bai, Haotian and Yang, Jie and Ge, Chongjian and Zhu, Ye and Zhang, Ruimao and Li, Zhen and Zhang, Lingyan and Ma, Wanling and Wan, Xiang and others},
  journal={arXiv preprint arXiv:2206.08023},
  year={2022}
}

@article{pham2000current,
  title={Current methods in medical image segmentation},
  author={Pham, Dzung L and Xu, Chenyang and Prince, Jerry L},
  journal={Annual review of biomedical engineering},
  volume={2},
  number={1},
  pages={315--337},
  year={2000},
  publisher={Annual Reviews 4139 El Camino Way, PO Box 10139, Palo Alto, CA 94303-0139, USA}
}

@article{sharma2010automated,
  title={Automated medical image segmentation techniques},
  author={Sharma, Neeraj and Aggarwal, Lalit M and others},
  journal={Journal of medical physics},
  volume={35},
  number={1},
  pages={3},
  year={2010},
  publisher={Medknow Publications}
}

@article{rogowska2000overview,
  title={Overview and fundamentals of medical image segmentation},
  author={Rogowska, Jadwiga},
  journal={Handbook of medical imaging, processing and analysis},
  pages={69--85},
  year={2000},
  publisher={Academic Press London}
}

@article{lee2017deep,
  title={Deep learning in medical imaging: general overview},
  author={Lee, June-Goo and Jun, Sanghoon and Cho, Young-Won and Lee, Hyunna and Kim, Guk Bae and Seo, Joon Beom and Kim, Namkug},
  journal={Korean journal of radiology},
  volume={18},
  number={4},
  pages={570--584},
  year={2017},
  publisher={The Korean Society of Radiology}
}

@article{wang2022yolov7,
  title={YOLOv7: Trainable bag-of-freebies sets new state-of-the-art for real-time object detectors},
  author={Wang, Chien-Yao and Bochkovskiy, Alexey and Liao, Hong-Yuan Mark},
  journal={arXiv preprint arXiv:2207.02696},
  year={2022}
}


@inproceedings{briot2018analysis,
  title={Analysis of efficient cnn design techniques for semantic segmentation},
  author={Briot, Alexandre and Viswanath, Prashanth and Yogamani, Senthil},
  booktitle={Proceedings of the IEEE Conference on Computer Vision and Pattern Recognition Workshops},
  pages={663--672},
  year={2018}
}


@misc{kayalibay2017CNNbased,
  doi = {10.48550/ARXIV.1701.03056},
  
  url = {https://arxiv.org/abs/1701.03056},
  
  author = {Kayalibay, Baris and Jensen, Grady and van der Smagt, Patrick},
  
  keywords = {Computer Vision and Pattern Recognition (cs.CV), FOS: Computer and information sciences, FOS: Computer and information sciences},
  
  title = {CNN-based Segmentation of Medical Imaging Data},
  
  publisher = {arXiv},
  
  year = {2017},
  
  copyright = {arXiv.org perpetual, non-exclusive license}
}


@article{zhou2019high,
  title={High-resolution encoder--decoder networks for low-contrast medical image segmentation},
  author={Zhou, Sihang and Nie, Dong and Adeli, Ehsan and Yin, Jianping and Lian, Jun and Shen, Dinggang},
  journal={IEEE Transactions on Image Processing},
  volume={29},
  pages={461--475},
  year={2019},
  publisher={IEEE}
}

@article{badrinarayanan2017segnet,
  title={Segnet: A deep convolutional encoder-decoder architecture for image segmentation},
  author={Badrinarayanan, Vijay and Kendall, Alex and Cipolla, Roberto},
  journal={IEEE transactions on pattern analysis and machine intelligence},
  volume={39},
  number={12},
  pages={2481--2495},
  year={2017},
  publisher={IEEE}
}

@misc{ronneberger2015unet,
  doi = {10.48550/ARXIV.1505.04597},
  
  url = {https://arxiv.org/abs/1505.04597},
  
  author = {Ronneberger, Olaf and Fischer, Philipp and Brox, Thomas},
  
  keywords = {Computer Vision and Pattern Recognition (cs.CV), FOS: Computer and information sciences, FOS: Computer and information sciences},
  
  title = {U-Net: Convolutional Networks for Biomedical Image Segmentation},
  
  publisher = {arXiv},
  
  year = {2015},
  
  copyright = {arXiv.org perpetual, non-exclusive license}
}

@ARTICLE{itksnap,
  author = {Paul A. Yushkevich and Joseph Piven and Cody Hazlett, Heather and
    Gimpel Smith, Rachel and Sean Ho and James C. Gee and Guido Gerig},
  title = {User-Guided {3D} Active Contour Segmentation of
    Anatomical Structures: Significantly Improved Efficiency and Reliability},
  journal = {Neuroimage},
  year = {2006},
  volume = {31},
  number = {3},
  pages = {1116--1128},
}

@inproceedings{tian2019automatic,
  title={Automatic couinaud segmentation from CT volumes on liver using GLC-UNet},
  author={Tian, Jiang and Liu, Li and Shi, Zhongchao and Xu, Feiyu},
  booktitle={Machine Learning in Medical Imaging: 10th International Workshop, MLMI 2019, Held in Conjunction with MICCAI 2019, Shenzhen, China, October 13, 2019, Proceedings},
  pages={274--282},
  year={2019},
  organization={Springer}
}

@inproceedings{rahman2022brain,
  title={Brain Tumor Segmentation Using UNet-Context Encoding Network},
  author={Rahman, Md Monibor and Sadique, Md Shibly and Temtam, Ahmed G and Farzana, Walia and Vidyaratne, L and Iftekharuddin, Khan M},
  booktitle={Brainlesion: Glioma, Multiple Sclerosis, Stroke and Traumatic Brain Injuries: 7th International Workshop, BrainLes 2021, Held in Conjunction with MICCAI 2021, Virtual Event, September 27, 2021, Revised Selected Papers, Part I},
  pages={463--472},
  year={2022},
  organization={Springer}
}

@inproceedings{zhang2021cr,
  title={CR-UNet: Context-rich UNet for liver segmentation from CT volumes},
  author={Zhang, Jintao and Ji, Bai and Jiang, Zhengang and Qin, Jun},
  booktitle={2021 International Conference on Electronic Information Engineering and Computer Science (EIECS)},
  pages={282--285},
  year={2021},
  organization={IEEE}
}

@article{boynton2005attention,
  title={Attention and visual perception},
  author={Boynton, Geoffrey M},
  journal={Current opinion in neurobiology},
  volume={15},
  number={4},
  pages={465--469},
  year={2005},
  publisher={Elsevier}
}


@inproceedings{kaul2019focusnet,
  title={Focusnet: An attention-based fully convolutional network for medical image segmentation},
  author={Kaul, Chaitanya and Manandhar, Suresh and Pears, Nick},
  booktitle={2019 IEEE 16th international symposium on biomedical imaging (ISBI 2019)},
  pages={455--458},
  year={2019},
  organization={IEEE}
}

@inproceedings{zhang2019attention,
  title={Attention guided network for retinal image segmentation},
  author={Zhang, Shihao and Fu, Huazhu and Yan, Yuguang and Zhang, Yubing and Wu, Qingyao and Yang, Ming and Tan, Mingkui and Xu, Yanwu},
  booktitle={Medical Image Computing and Computer Assisted Intervention--MICCAI 2019: 22nd International Conference, Shenzhen, China, October 13--17, 2019, Proceedings, Part I 22},
  pages={797--805},
  year={2019},
  organization={Springer}
}

@article{wang2019abdominal,
  title={Abdominal multi-organ segmentation with organ-attention networks and statistical fusion},
  author={Wang, Yan and Zhou, Yuyin and Shen, Wei and Park, Seyoun and Fishman, Elliot K and Yuille, Alan L},
  journal={Medical image analysis},
  volume={55},
  pages={88--102},
  year={2019},
  publisher={Elsevier}
}

@article{sinha2020multi,
  title={Multi-scale self-guided attention for medical image segmentation},
  author={Sinha, Ashish and Dolz, Jose},
  journal={IEEE journal of biomedical and health informatics},
  volume={25},
  number={1},
  pages={121--130},
  year={2020},
  publisher={IEEE}
}

@inproceedings{wang2019recurrent,
  title={Recurrent U-Net for resource-constrained segmentation},
  author={Wang, Wei and Yu, Kaicheng and Hugonot, Joachim and Fua, Pascal and Salzmann, Mathieu},
  booktitle={Proceedings of the IEEE/CVF international conference on computer vision},
  pages={2142--2151},
  year={2019}
}

@inproceedings{mosinska2018beyond,
  title={Beyond the pixel-wise loss for topology-aware delineation},
  author={Mosinska, Agata and Marquez-Neila, Pablo and Kozi{\'n}ski, Mateusz and Fua, Pascal},
  booktitle={Proceedings of the IEEE conference on computer vision and pattern recognition},
  pages={3136--3145},
  year={2018}
}

@inproceedings{cao2023swin,
  title={Swin-unet: Unet-like pure transformer for medical image segmentation},
  author={Cao, Hu and Wang, Yueyue and Chen, Joy and Jiang, Dongsheng and Zhang, Xiaopeng and Tian, Qi and Wang, Manning},
  booktitle={Computer Vision--ECCV 2022 Workshops: Tel Aviv, Israel, October 23--27, 2022, Proceedings, Part III},
  pages={205--218},
  year={2023},
  organization={Springer}
}

@article{vaswani2017attention,
  title={Attention is all you need},
  author={Vaswani, Ashish and Shazeer, Noam and Parmar, Niki and Uszkoreit, Jakob and Jones, Llion and Gomez, Aidan N and Kaiser, {\L}ukasz and Polosukhin, Illia},
  journal={Advances in neural information processing systems},
  volume={30},
  year={2017}
}

@article{devlin2018bert,
  title={Bert: Pre-training of deep bidirectional transformers for language understanding},
  author={Devlin, Jacob and Chang, Ming-Wei and Lee, Kenton and Toutanova, Kristina},
  journal={arXiv preprint arXiv:1810.04805},
  year={2018}
}

@article{brown2020language,
  title={Language models are few-shot learners},
  author={Brown, Tom and Mann, Benjamin and Ryder, Nick and Subbiah, Melanie and Kaplan, Jared D and Dhariwal, Prafulla and Neelakantan, Arvind and Shyam, Pranav and Sastry, Girish and Askell, Amanda and others},
  journal={Advances in neural information processing systems},
  volume={33},
  pages={1877--1901},
  year={2020}
}

@article{dosovitskiy2020image,
  title={An image is worth 16x16 words: Transformers for image recognition at scale},
  author={Dosovitskiy, Alexey and Beyer, Lucas and Kolesnikov, Alexander and Weissenborn, Dirk and Zhai, Xiaohua and Unterthiner, Thomas and Dehghani, Mostafa and Minderer, Matthias and Heigold, Georg and Gelly, Sylvain and others},
  journal={arXiv preprint arXiv:2010.11929},
  year={2020}
}

@inproceedings{hatamizadeh2022unetr,
  title={Unetr: Transformers for 3d medical image segmentation},
  author={Hatamizadeh, Ali and Tang, Yucheng and Nath, Vishwesh and Yang, Dong and Myronenko, Andriy and Landman, Bennett and Roth, Holger R and Xu, Daguang},
  booktitle={Proceedings of the IEEE/CVF winter conference on applications of computer vision},
  pages={574--584},
  year={2022}
}

@article{huang2021missformer,
  title={Missformer: An effective medical image segmentation transformer},
  author={Huang, Xiaohong and Deng, Zhifang and Li, Dandan and Yuan, Xueguang},
  journal={arXiv preprint arXiv:2109.07162},
  year={2021}
}

@inproceedings{liu2021swin,
  title={Swin transformer: Hierarchical vision transformer using shifted windows},
  author={Liu, Ze and Lin, Yutong and Cao, Yue and Hu, Han and Wei, Yixuan and Zhang, Zheng and Lin, Stephen and Guo, Baining},
  booktitle={Proceedings of the IEEE/CVF international conference on computer vision},
  pages={10012--10022},
  year={2021}
}

@article{chen2021transunet,
  title={Transunet: Transformers make strong encoders for medical image segmentation},
  author={Chen, Jieneng and Lu, Yongyi and Yu, Qihang and Luo, Xiangde and Adeli, Ehsan and Wang, Yan and Lu, Le and Yuille, Alan L and Zhou, Yuyin},
  journal={arXiv preprint arXiv:2102.04306},
  year={2021}
}

@article{liu2019roberta,
  title={Roberta: A robustly optimized bert pretraining approach},
  author={Liu, Yinhan and Ott, Myle and Goyal, Naman and Du, Jingfei and Joshi, Mandar and Chen, Danqi and Levy, Omer and Lewis, Mike and Zettlemoyer, Luke and Stoyanov, Veselin},
  journal={arXiv preprint arXiv:1907.11692},
  year={2019}
}

@article{you2019reducing,
  title={Reducing BERT pre-training time from 3 days to 76 minutes},
  author={You, Yang and Li, Jing and Hseu, Jonathan and Song, Xiaodan and Demmel, James and Hsieh, Cho-Jui},
  journal={arXiv preprint arXiv:1904.00962},
  year={2019}
}

@inproceedings{perceiver,
  title={Perceiver: General perception with iterative attention},
  author={Jaegle, Andrew and Gimeno, Felix and Brock, Andy and Vinyals, Oriol and Zisserman, Andrew and Carreira, Joao},
  booktitle={International conference on machine learning},
  pages={4651--4664},
  year={2021},
  organization={PMLR}
}
@article{perceiverio,
  title={Perceiver io: A general architecture for structured inputs \& outputs},
  author={Jaegle, Andrew and Borgeaud, Sebastian and Alayrac, Jean-Baptiste and Doersch, Carl and Ionescu, Catalin and Ding, David and Koppula, Skanda and Zoran, Daniel and Brock, Andrew and Shelhamer, Evan and others},
  journal={arXiv preprint arXiv:2107.14795},
  year={2021}
}

@inproceedings{choi2022semantic,
  title={Semantic Segmentation with Perceiver IO},
  author={Choi, Keong-Hun and Ha, Jong-Eun},
  booktitle={2022 22nd International Conference on Control, Automation and Systems (ICCAS)},
  pages={1607--1610},
  year={2022},
  organization={IEEE}
}

@article{tan2022temporal,
  title={Temporal Perceiver: A General Architecture for Arbitrary Boundary Detection},
  author={Tan, Jing and Wang, Yuhong and Wu, Gangshan and Wang, Limin},
  journal={arXiv preprint arXiv:2203.00307},
  year={2022}
}

@software{Krasser_A_PyTorch_implementation_2023,
author = {Krasser, Martin and Stumpf, Christoph},
doi = {10.5281/zenodo.7674739},
license = {Apache-2.0},
month = {2},
title = {{A PyTorch implementation of Perceiver, Perceiver IO and Perceiver AR with PyTorch Lightning scripts for distributed training.}},
url = {https://github.com/krasserm/perceiver-io},
version = {0.8.1},
year = {2023}
}

@software{Falcon_PyTorch_Lightning_2019,
author = {Falcon, William and {The PyTorch Lightning team}},
doi = {10.5281/zenodo.3828935},
license = {Apache-2.0},
month = {3},
title = {{PyTorch Lightning}},
url = {https://github.com/Lightning-AI/lightning},
version = {1.4},
year = {2019}
}

@inproceedings{Paszke_PyTorch_An_Imperative_2019,
author = {Paszke, Adam and Gross, Sam and Massa, Francisco and Lerer, Adam and Bradbury, James and Chanan, Gregory and Killeen, Trevor and Lin, Zeming and Gimelshein, Natalia and Antiga, Luca and Desmaison, Alban and Kopf, Andreas and Yang, Edward and DeVito, Zachary and Raison, Martin and Tejani, Alykhan and Chilamkurthy, Sasank and Steiner, Benoit and Fang, Lu and Bai, Junjie and Chintala, Soumith},
booktitle = {Advances in Neural Information Processing Systems 32},
editor = {Wallach, H. and Larochelle, H. and Beygelzimer, A. and d'Alché-Buc, F. and Fox, E. and Garnett, R.},
pages = {8024--8035},
publisher = {Curran Associates, Inc.},
title = {{PyTorch: An Imperative Style, High-Performance Deep Learning Library}},
url = {http://papers.neurips.cc/paper/9015-pytorch-an-imperative-style-high-performance-deep-learning-library.pdf},
year = {2019}
}

@article{deng2012mnist,
  title={The mnist database of handwritten digit images for machine learning research [best of the web]},
  author={Deng, Li},
  journal={IEEE signal processing magazine},
  volume={29},
  number={6},
  pages={141--142},
  year={2012},
  publisher={IEEE}
}

@article{simpleitk3,
  title={Image segmentation, registration and characterization in R with SimpleITK},
  author={Beare, Richard and Lowekamp, Bradley and Yaniv, Ziv},
  journal={Journal of statistical software},
  volume={86},
  year={2018},
  publisher={NIH Public Access}
}

@article{simpleitk2,
  title={SimpleITK image-analysis notebooks: a collaborative environment for education and reproducible research},
  author={Yaniv, Ziv and Lowekamp, Bradley C and Johnson, Hans J and Beare, Richard},
  journal={Journal of digital imaging},
  volume={31},
  number={3},
  pages={290--303},
  year={2018},
  publisher={Springer}
}

@article{simpleitk1,
  title={The design of SimpleITK},
  author={Lowekamp, Bradley C and Chen, David T and Ib{\'a}{\~n}ez, Luis and Blezek, Daniel},
  journal={Frontiers in neuroinformatics},
  volume={7},
  pages={45},
  year={2013},
  publisher={Frontiers Media SA}
}

@misc{nevergrad,
    author = {J. Rapin and O. Teytaud},
    title = {{Nevergrad - A gradient-free optimization platform}},
    year = {2018},
    publisher = {GitHub},
    journal = {GitHub repository},
    howpublished = {\url{https://GitHub.com/FacebookResearch/Nevergrad}},
}

@inproceedings{rapin2019exploring,
  title={Exploring the MLDA benchmark on the nevergrad platform},
  author={Rapin, Jeremy and Gallagher, Marcus and Kerschke, Pascal and Preuss, Mike and Teytaud, Olivier},
  booktitle={Proceedings of the Genetic and Evolutionary Computation Conference Companion},
  pages={1888--1896},
  year={2019}
}

@software{TorchVision_maintainers_and_contributors_TorchVision_PyTorch_s_Computer_2016,
author = {TorchVision maintainers and contributors},
license = {BSD-3-Clause},
month = {11},
title = {{TorchVision: PyTorch's Computer Vision library}},
url = {https://github.com/pytorch/vision},
year = {2016}
}